@book{Hoff2009,
author = {Hoff, Peter D.},
title = {A First Course in Bayesian Statistical Methods},
year = {2009},
isbn = {0387922997},
publisher = {Springer Publishing Company, Incorporated},
edition = {1st},
}

@book{Roderick2020,
  title     = "Statistical Analysis with Missing Data",
  author    = "Roderick J.A. Little and Donald B.Rubin",
  year      = 2020,
  publisher = "Wiley",
  address   = "John Wiley \& Sons, Inc., 111 River Street, Hoboken, NJ 07030, USA"
}

@article{Bradley1994,
author = {Bradley Efron},
title = {Missing Data, Imputation, and the Bootstrap},
journal = {Journal of the American Statistical Association},
volume = {89},
number = {426},
pages = {463--475},
year = {1994},
publisher = {Taylor \& Francis},
doi = {10.1080/01621459.1994.10476768},
URL = {https://doi.org/10.1080/01621459.1994.10476768},
eprint = {https://doi.org/10.1080/01621459.1994.10476768}
}

@article{Augustine1994,
author = {Augustine Kong, Jun S. Liu and Wing Hung Wong},
title = {Sequential Imputations and Bayesian Missing Data Problems},
journal = {Journal of the American Statistical Association},
volume = {89},
number = {425},
pages = {278--288},
year = {1994},
publisher = {Taylor \& Francis},
doi = {10.1080/01621459.1994.10476469},
URL = {https://www.tandfonline.com/doi/abs/10.1080/01621459.1994.10476469}, 
eprint = {https://www.tandfonline.com/doi/pdf/10.1080/01621459.1994.10476469}
}

@article{Chai2017,
  title={Estimating Bayesian networks parameters using EM and Gibbs sampling},
  author={Chai, Huimin and Lei, Jiangnan and Fang, Min},
  journal={Procedia computer science},
  volume={111},
  pages={160--166},
  year={2017},
  publisher={Elsevier}
}

@article{Takahashi2017,
 author = {Takahashi, Masayoshi},
 doi = {10.5334/dsj-2017-037},
 journal = {Data Science Journal},
 month = {Jul},
 title = {Statistical Inference in Missing Data by MCMC and Non-MCMC Multiple Imputation Algorithms: Assessing the Effects of Between-Imputation Iterations},
 year = {2017}
}

@article{Ma2018,
 author = {Ma, Zhihua and Chen, Guanghui},
 doi = {10.1016/j.jkss.2018.03.002},
 journal = {Journal of the Korean Statistical Society},
 month = {09},
 title = {Bayesian methods for dealing with missing data problems},
 year = {2018},
 url = {https://doi.org/10.1016/j.jkss.2018.03.002}
}

@article{Dempster1977,
  title={Maximum likelihood from incomplete data via the EM algorithm},
  author={Dempster, Arthur P and Laird, Nan M and Rubin, Donald B},
  journal={Journal of the royal statistical society: series B (methodological)},
  volume={39},
  number={1},
  pages={1--22},
  year={1977},
  publisher={Wiley Online Library}
}

@article{Geman1984,
  author={Geman, Stuart and Geman, Donald},
  journal={IEEE Transactions on Pattern Analysis and Machine Intelligence}, 
  title={Stochastic Relaxation, Gibbs Distributions, and the Bayesian Restoration of Images}, 
  year={1984},
  volume={PAMI-6},
  number={6},
  pages={721-741},
  keywords={Stochastic processes;Bayesian methods;Image restoration;Degradation;Markov random fields;Additive noise;Deformable models;Temperature distribution;Energy states;Annealing;Annealing;Gibbs distribution;image restoration;line process;MAP estimate;Markov random field;relaxation;scene modeling;spatial degradation},
  doi={10.1109/TPAMI.1984.4767596}}

@book{Gelman2013,
  title={Bayesian Data Analysis},
  author={Gelman, Andrew and Carlin, John B. and Stern, Hal S. and Dunson, David B. and Vehtari, Aki and Rubin, Donald B.},
  edition={3},
  year={2013},
  publisher={Chapman and Hall/CRC},
  doi={10.1201/b16018},
  url={https://doi.org/10.1201/b16018}
}
